@misc{mann-chen,
  doi = {10.48550/ARXIV.1902.05117},
  
  url = {https://arxiv.org/abs/1902.05117},
  
  author = {Chen, Lei and Mann, Kathryn},
  
  keywords = {Geometric Topology (math.GT), Dynamical Systems (math.DS), FOS: Mathematics, FOS: Mathematics},
  
  title = {Structure theorems for actions of homeomorphism groups},
  
  publisher = {arXiv},
  
  year = {2019},
  
  copyright = {arXiv.org perpetual, non-exclusive license}
}